4624 5736
1771 713 1877 793 *Xl

295 1021 300 1028 ⁸
377 1031 638 1132 quodquidam
670 1028 767 1102 haud
802 1033 950 1124 potuere
985 1024 1150 1120 facilius,
1173 1048 1289 1125 -qnam
1321 1027 1571 1124 quodammodo
1589 1027 1645 1100 ‘ad
1665 1029 1876 1122 methodum
1906 1103 1912 1108 .

377 1151 554 1238 indicam,
585 1145 829 1226 technicorum
857 1141 1103 1218 uocabulorum
1137 1165 1204 1240 ope
1239 1153 1274 1216 et
1308 1141 1557 1233 formularum,
1585 1142 1718 1244 quibus
1743 1167 1807 1239 pro
1833 1169 1875 1219 ea

376 1261 470 1338 fictis
497 1257 699 1336 Hindorum
725 1260 943 1355 grammatici
974 1259 1078 1354 longo
1111 1260 1155 1332 ab
1187 1259 1272 1331 hinc
1303 1271 1463 1357 tempore
1490 1266 1647 1332 utuntur.
1694 1253 1769 1331 Ubi
1790 1283 1872 1335 vero

375 1381 639 1453 institutionum
671 1377 716 1450 ad
739 1369 962 1450 Sanskritum
983 1395 1049 1470 pro
1075 1356 1271 1470 Europaeis
1298 1374 1560 1448 scribendarum
1596 1373 1782 1446 consilium
1815 1400 1872 1447 oe

349 1502 514 1590 perant,
539 1495 657 1590 neque
684 1491 828 1562 omnino
851 1487 970 1562 facile*
984 1513 1099 1588 neque
1126 1494 1234 1565 etiam
1260 1490 1392 1563 ibidem
1418 1485 1608 1585 congruum
1631 1487 1797 1562 hahuisse
1821 1493 1873 1564 vi·
1957 1561 1960 1568 .

340 1632 344 1640 ’
373 1611 516 1700 dentur,
541 1602 964 1682 Hindorummethodum
985 1607 1159 1702 integram
1176 1615 1383 1682 convertero
1407 1609 1446 1677 in
1462 1600 1700 1698 Europaeo,
1726 1614 1762 1677 et
1782 1628 1884 1702 quae*
1919 1627 1922 1634 ·

376 1727 493 1798 indice
518 1725 739 1821 didicerant,
774 1743 871 1794 more
906 1730 1025 1792 nostro
1056 1723 1205 1806 tradere.
1254 1717 1309 1794 Ao
1331 1742 1417 1810 sane
1443 1719 1600 1792 subsidia
1624 1723 1872 1814 grammatica,

374 1858 463 1935 quae
489 1834 603 1913 Hindi
627 1845 861 1936 paravemnt,
887 1859 1086 1933 quanquam
1099 1835 1271 1932 perlecta
1297 1859 1369 1908 non
1395 1838 1484 1924 sint,
1513 1843 1548 1908 et
1574 1837 1728 1928 propriis
1751 1839 1872 1933 potius

326 1989 343 2005 ν
374 1955 545 2049 impedita
568 1954 778 2042 obstaculis,
803 1973 893 2048 quae
915 1953 988 2024 nisi
1013 1973 1034 2023 a
1057 1954 1182 2048 paucis
1204 1953 1360 2024 nondum
1384 1958 1547 2046 superata
1571 1952 1749 2040 novimus3
1785 1971 1869 2026 cave
1898 2031 1905 2042 ,

373 2075 492 2156 tamen
501 2117 517 2160 ,
558 2067 748 2165 quod-,suh
782 2065 894 2150 forma
924 2070 1119 2162 peregrina
1144 2063 1316 2160 offertur,
1356 2068 1527 2139 auxilium
1547 2061 1625 2136 ,tihi
1655 2067 1871 2158 inaccessum

368 2189 590 2274 contemnas,
615 2183 775 2256 acerbam
800 2204 841 2256 ac
866 2205 940 2255 non
965 2189 1134 2255 maturam
1158 2182 1294 2255 hahens
1320 2203 1435 2270 uuam,
1464 2169 1572 2276 quam'
1591 2178 1723 2250 idcirco
1746 2187 1783 2250 te
1807 2202 1870 2256 ne·

200 2267 203 2272 ⁵
248 2297 251 2300 ’
368 2319 429 2391 gas
454 2307 655 2374 sumturum
680 2301 730 2357 ὲ·-
756 2293 836 2372 Huc
863 2298 1021 2386 accedit,
1057 2299 1151 2394 quod
1172 2300 1219 2370 ad
1242 2299 1355 2373 varios
1376 2299 1591 2391 scriptorum
1615 2294 1709 2364 locos
1734 2296 1870 2368 intelli·

369 2414 499 2504 gendos
521 2415 664 2508 linguae
693 2437 812 2488 eorum
835 2413 1021 2505 technicae
1044 2416 1199 2508 cognitio
1215 2414 1438 2508 *postulatur3
1471 2411 1635 2506 inprimis
1665 2405 1750 2499 uhi,
1774 2411 1868 2505 qnod

354 2547 473 2627 saepe
498 2522 554 2618 fit,
578 2538 618 2602 ut
644 2532 683 2602 in
709 2529 869 2619 scholiis,
897 2529 942 2600 ad
967 2529 1103 2623 regulas
1130 2531 1370 2625 grammaticas
1397 2527 1482 2622 quid
1508 2523 1674 2598 refertur.

447 2637 547 2742 ‚Quo
590 2641 725 2719 lactum
765 2653 817 2717 est
831 2694 846 2736 ,
885 2651 926 2716 nt
954 2645 1000 2715 'in
1031 2637 1135 2716 lndia
1165 2645 1210 2715 cl.
1245 2637 1474 2712 Colelrcolius
1507 2660 1633 2736 magna
1669 2638 1867 2712 eruditione

367 2758 500 2855 primus
516 2779 549 2829 a.
568 2758 675 2837 1805.
692 2769 728 2834 et
741 2761 788 2832 cl.
810 2757 914 2846 corcy
934 2756 1078 2841 aldus
1102 2757 1267 2831 methodo
1287 2757 1402 2852 'magis
1424 2758 1543 2830 indica
1567 2758 1623 2829 usi
1648 2759 1735 2846 sint,
1754 2778 1867 2872 ‘quam

368 2894 552 2966 europaeo.
600 2867 702 2946 lllarn
725 2897 805 2949 vcro
831 2893 862 2942 a.
891 2873 985 2948 1810
1014 2875 1063 2943 in
1080 2867 1225 2967 Europa
1253 2874 1404 2968 amplius
1430 2874 1604 2956 convertit
1631 2874 1867 2978 ingrammu-
2007 2865 2013 2874 ’

312 3047 318 3053 .
365 2989 457 3058 ticae
480 3010 563 3060 snae
587 3011 694 3082 opere
710 2987 916 3084 :praestanti
941 2988 985 3058 cl.
1015 2981 1249 3070 Willinsiu55
1276 2989 1500 3081 quodetiam
1524 2988 1647 3058 eodem
1673 2984 1747 3058 lere
1778 2996 1865 3056 tem·

366 3121 450 3190 pore
472 3107 511 3175 in
533 3099 637 3176 lndia
662 3104 707 3173 cl.
733 3097 927 3188 ursinus,
962 3101 1112 3172 consilio
1144 3109 1260 3172 autem
1291 3103 1343 3172 rei
1370 3101 1467 3175 haud
1501 3121 1652 3194 congruo
1686 3101 1862 3188 tentarit,
1912 3101 1913 3104 ’

364 3219 498 3314 quippe
520 3219 582 3315 qni
598 3237 758 3310 magnam
773 3217 1013 3310 grammatices
1027 3223 1163 3310 partem
1180 3217 1220 3286 in
1235 3214 1535 3287 tabulasmntavit
1553 3218 1707 3286 numeris
1721 3217 1862 3310 plenas,
1885 3237 1889 3245 ’

365 3352 510 3425 quarum
532 3341 640 3404 unam
664 3329 774 3404 refert
799 3330 843 3400 ad
868 3332 1036 3421 alteram,
1070 3330 1163 3402 hanc
1189 3328 1233 3401 ad
1251 3331 1397 3418 tertiam
1415 3339 1457 3400 et
1483 3331 1534 3400 sic
1557 3352 1673 3424 porro.
1723 3325 1863 3402 Recen-

362 3438 630 3536 tiusa.1820,
664 3447 708 3518 clt
743 3442 834 3514 Yatc
854 3450 1114 3542 grammaticam
1138 3445 1347 3516 sanskritam
1371 3445 1506 3534 edidit,
1541 3467 1695 3540 pressam
1722 3426 1864 3542 quidem
1985 3505 1991 3516 .

363 3543 473 3654 magis
499 3581 539 3631 ac
562 3562 732 3651 recisam,
757 3561 929 3638 univero
954 3563 1056 3657 plura
1081 3562 1235 3633 reddidit
1250 3561 1377 3630 'minus
1402 3561 1604 3652 perspicua,
1632 3563 1863 3658 quin-aliqua

364 3675 413 3744 ad·
430 3673 633 3748 methodum
656 3677 813 3768 indicam
837 3679 960 3750 denuo·
977 3677 1121 3747 reducta
1146 3695 1186 3743 ac
1212 3671 1431 3768 imperfecta.
1457 3711 1504 3728 -
1536 3669 1588 3747 At
1614 3676 1657 3748 cl.
1688 3667 1861 3744 Celebran-

363 3783 439 3854 tius
461 3790 501 3860 in
524 3793 749 3886 grammatica
776 3813 862 3883 sua,
889 3795 995 3876 cujus·
1015 3799 1152 3886 partem
1176 3790 1324 3861 alteram
1349 3789 1462 3860 adhuc
1486 3799 1751 3884 ‘exspectamus
1786 3801 1861 3862 arta

363 3903 487 3974 critica
510 3925 545 3975 se
567 3927 668 3975 usum
692 3927 767 3976 esse
791 3889 1009 4001 potissimum
1031 3903 1167 4001 prohat.
1190 3940 1241 3958 -
1267 3897 1413 3969 Paulini
1438 3929 1459 3975 a
1483 3897 1519 3976 S.
1544 3899 1588 3976 Β.
1617 3928 1723 4001 opera
1748 3903 1860 4003 gram·

360 4020 487 4091 matina
510 4021 549 4090 in
572 4018 699 4089 horum
720 4043 901 4093 numerum
925 4020 1060 4094 referre
1084 4003 1373 4114 nonpossumus.

460 4125 564 4234 Quae
590 4135 744 4216 comita
767 4145 905 4224 essent,
943 4139 1090 4232 cumque
1114 4154 1239 4207 munus
1263 4132 1351 4204 mihi
1378 4133 1580 4217 injunctum
1604 4138 1768 4232 explere,
1794 4163 1860 4211 nec

361 4247 480 4320 deesse
503 4249 659 4327 tironum
683 4248 833 4323 utilitati
855 4251 1004 4340 vellem,
1030 4274 1096 4322 nec
1121 4250 1335 4322 eruditorum
1359 4248 1560 4338 desideriis,
1586 4273 1727 4346 operam
1751 4253 1832 4324 dedi
1843 4304 1859 4345 ,

360 4370 399 4436 ut
423 4384 466 4434 ea
490 4364 601 4458 magis
625 4359 852 4458 perficerem,
879 4387 990 4460 quae,
1021 4367 1084 4459 qui
1109 4363 1177 4435 hac
1202 4365 1242 4434 in
1266 4386 1303 4435 re
1329 4373 1411 4436 ante
1435 4385 1490 4434 me
1515 4369 1641 4437 versati
1665 4374 1767 4457 sunt,
1794 4370 1859 4440 im·

349 4475 519 4570 perfecta
547 4500 588 4550 ac
614 4479 844 4552 desideranda
868 4481 1097 4574 reliquerunt.
1146 4472 1187 4550 ln
1211 4475 1336 4572 quihus
1359 4500 1439 4551 vero
1456 4479 1525 4551 hoc
1542 4483 1732 4579 praecipue
1756 4507 1859 4582 prae·

358 4599 451 4665 stare
477 4595 684 4686 studuerim,
711 4619 767 4668 me
791 4619 886 4670 nunc
913 4595 1064 4689 amplius
1089 4586 1238 4664 definire
1264 4602 1412 4688 oportet.
1575 4597 1583 4612 ⁸

453 4701 620 4804 inprimis
648 4699 737 4807 quae
764 4714 803 4783 in
828 4709 948 4805 lingua
975 4713 1053 4806 ipsa
1086 4709 1131 4781 ad
1160 4709 1257 4780 ideas
1287 4712 1423 4802 indicas
1452 4733 1494 4784 ex
1518 4722 1641 4784 natura
1666 4723 1701 4786 et
1727 4716 1858 4811 spiritu

360 4831 530 4918 concepta
554 4836 660 4919 sunt,
685 4835 790 4926 atque
817 4848 838 4900 a
861 4826 1098 4923 grammaticis
1122 4825 1253 4906 indicis
1278 4827 1317 4900 in
1340 4827 1483 4924 linguae
1508 4831 1682 4990 genffeex
1710 4851 1860 4929 concep·
