4624 5736
350 703 1854 782 -aemwovmoommitMmomomiootowmowmoooomotmvmoitm-mormorere>-

733 1457 1441 1576 canapario

346 1923 496 2056 ffnlr·
537 1989 795 2078 nominantur,
838 1989 900 2084 qui
933 1979 1108 2058 Sindhum
1147 1986 1241 2057 inter
1283 1995 1321 2060 et
1351 1977 1521 2080 'Gangem
1563 1979 1708 2056 flumina
1748 1979 1851 2054 habi·
1939 2007 1940 2017 ¹

345 2109 448 2190 taut,
479 2125 522 2174 ac
555 2104 638 2174 inde
669 2125 786 2176 versus
807 2102 1002 2182 ,meridiem
1036 2123 1074 2173 se
1109 2101 1307 2174 extendunt
1342 2103 1386 2173 ad
1415 2102 1694 2195 promontorium
1725 2093 1851 2168 Como-

347 2217 487 2305 rinum,
515 2237 602 2310 gens
625 2238 751 2312 magna
776 2227 811 2290 et
836 2212 998 2314 antiqua.
1046 2210 1165 2318 Quam
1189 2216 1229 2290 hi
1256 2218 1434 2289 classicam
1457 2211 1593 2287 habent
1616 2216 1773 2309 linguam
1798 2214 1852 2282 di·

210 2406 215 2414 ,
347 2331 523 2425 vinaeque
548 2323 715 2425 originis,
745 2328 963 2401 sanslrtrom
988 2331 1135 2421 dicunt,
1158 2354 1227 2428 quo
1252 2333 1409 2427 linguam
1433 2337 1585 2426 notant,
1611 2349 1700 2424 quae
1725 2329 1770 2399 ad
1794 2349 1852 2401 vere

298 2459 300 2470 ¹
349 2461 422 2514 rem
446 2447 688 2538 grammatices
714 2448 887 2519 rationem
911 2457 1035 2518 exacta
1061 2453 1113 2518 est
1143 2455 1248 2542 atque
1270 2445 1456 2542 perlecta,
1490 2450 1605 2540 aqua
1629 2443 1853 2537 distinguunt

261 2599 264 2602 ·
349 2559 547 2654 linguarum
571 2583 702 2656 genera
722 2561 847 2650 mista,
874 2569 909 2632 et
933 2563 1065 2633 caduca
1089 2556 1236 2650 (mirra,
1261 2555 1516 2650 epaonense).
1604 2610 1611 2622 .

400 2667 667 2786 *Sanskritum
700 2677 842 2772 quidem
879 2677 917 2746 in
950 2677 1049 2746 nullo
1085 2661 1180 2748 nunc
1210 2679 1306 2770 viget
1345 2675 1496 2774 amplius
1534 2668 1659 2770 Indiae
1695 2675 1850 2770 popul03

349 2789 509 2862 dialectis
542 2799 658 2864 autem
689 2793 787 2862 illius
822 2793 926 2886 longe
956 2799 1134 2886 praestat,
1170 2801 1206 2864 et
1239 2793 1334 2866 docti
1368 2785 1567 2863 Hindorum
1601 2811 1720 2862 omnes
1752 2790 1851 2861 nullo

346 2927 419 2978 non
442 2913 601 3001 tempore
624 2907 681 2976 usi
706 2907 957 2994 sumendam,
990 2915 1031 2980 ut
1061 2901 1193 2978 Latino
1221 2907 1349 2980 eruditi
1375 2905 1472 3002 apud
1495 2923 1593 2996 nos,·
1617 2913 1745 3000 atque,
1778 2903 1851 2974 nisi

349 3021 386 3091 in
413 3018 756 3102 relrusrdomesticis,
781 3017 896 3088 adhuc
921 3020 1085 3112 expedite
1110 3015 1316 3116 loquui'rtur.

441 3129 640 3210 Novissima
669 3156 751 3207 vero
778 3123 954 3202 Sanslrriti
982 3130 1094 3204 forma
1127 3133 1171 3204 ab
1206 3137 1350 3230 antiqua
1381 3135 1466 3222 illa,
1501 3153 1605 3229 quam
1630 3136 1670 3206 in
1695 3126 1848 3220 Vaedis'‚

345 3256 430 3322 ante
453 3251 524 3322 tria
548 3251 691 3322 circiter
722 3269 893 3343 annorum
924 3249 1037 3318 millia
1068 3250 1235 3343 scriptis,
1268 3251 1487 3336 invenimus,
1526 3250 1643 3319 minua
1665 3249 1847 3335 discessit,
1908 3304 1911 3316 .

315 3385 449 3458 'quam
484 3365 607 3457 lingua
625 3359 761 3460 *Italica
789 3361 944 3436 aveleri
969 3356 1156 3456 Romana,
1192 3373 1253 3437 eut
1278 3360 1420 3440 Graeca
1453 3365 1565 3435 nostri
1601 3363 1770 3456 temporis
1805 3362 1848 3433 ab

208 3567 213 3578 ¹
342 3480 492 3574 antiqua
516 3471 745 3552 Graeconrm.
1167 3482 1169 3490 '

437 3589 533 3664 idem
566 3593 727 3689 plmilrus
750 3587 860 3666 Asiae
891 3603 929 3668 et
951 3588 1118 3691 Europae
1149 3594 1282 3688 linguis
1318 3591 1521 3680 cognatum
1564 3613 1683 3665 earum
1717 3589 1849 3664 formas

274 3701 277 3706 ’
344 3708 512 3798 diversas,
540 3729 612 3781 una
637 3697 893 3804 complectitur.
944 3705 1028 3805 Quo
1051 3705 1117 3802 fit,
1141 3719 1182 3782 ut
1212 3711 1252 3779 in
1276 3709 1474 3800 linguarum
1498 3705 1672 3795 historia,
1705 3729 1849 3802 quanam

342 3831 480 3916 partem
504 3825 672 3907 majorem
698 3847 776 3896 cum
803 3825 842 3896 in
870 3827 1117 3919 grammatica,
1148 3823 1296 3898 tumim
1323 3824 1537 3917 etymologia
1569 3823 1743 3896 illustrare
1767 3831 1848 3917 pot-

344 3945 413 4026 est,
442 3941 586 4051 mpximi
613 3941 661 4010 sit
682 3933 862 4012 momenti.
919 3983 923 3988 -
1402 3943 1406 3946 ’

436 4047 562 4149 Neque
587 4075 673 4128 vero
694 4055 802 4124 ullam
829 4075 903 4127 esse
935 4064 1044 4152 puto,
1079 4051 1168 4150 quae
1201 4053 1245 4126 ad
1273 4057 1469 4128 universam
1503 4055 1643 4149 linguae
1672 4053 1847 4125 humanae

343 4170 526 4242 scientiam
553 4177 614 4244 aut
635 4169 897 4241 institutionem
921 4171 1038 4246 tradat
1061 4172 1259 4260 clariorem,
1282 4179 1342 4243 aut
1355 4171 1529 4268 exempla
1545 4167 1724 4265 =praebeat
1743 4169 1847 4263 plura

343 4291 379 4356 et
404 4287 555 4382 aptiora.

436 4393 587 4474 Praeter
607 4397 864 4496 philologicum
888 4407 1004 4472 autem
1028 4423 1128 4474 usum
1153 4403 1400 4496 multiplicem,
1427 4399 1584 4484 eiusdem
1609 4399 1752 4494 linguae
1777 4407 1849 4470 stu·
1891 4413 1895 4423 ·

304 4514 400 4585 ‘dio
414 4513 486 4594 ‚hic
511 4518 620 4590 etiam
646 4513 783 4589 fructus
808 4514 1009 4606 obtinetur,
1037 4517 1131 4611 quod
1156 4518 1361 4600 adiumento
1387 4525 1441 4588 est
1465 4516 1670 4588 literaturae
1694 4515 1853 4604 sancini*¹

338 4636 396 4699 tae
423 4630 678 4724 intelligendae
705 4637 812 4725 atque
836 4632 1136 4737 interpretandae.
1186 4627 1361 4704 Numerus
1392 4633 1487 4704 enim
1520 4653 1664 4720 operum
1693 4630 1847 4702 sanskri·

338 4749 476 4829 torum,
516 4769 607 4842 quae
635 4745 723 4841 ipsis
750 4739 904 4818 Graecis
930 4755 1032 4843 atque
1059 4741 1231 4821 Romanis
1264 4769 1380 4844 paene
1407 4749 1544 4822 occulta
1573 4745 1739 4838 fuerunt,
1774 4765 1848 4816 non

337 4857 377 4930 in
403 4851 504 4934 ludia
529 4861 640 4934 solum
665 4865 853 4937 immensus
879 4871 955 4954 est,
981 4864 1042 4938 sed
1068 4872 1104 4938 et
1130 4885 1244 4963 pauco
1270 4863 1427 4938 abhinc
1454 4871 1762 5022 temporebmagua
1788 4877 1847 4931 eo·
