4624 5736
457 709 544 796 xlv

556 1024 757 1101 Literarum
785 1027 927 1115 classes,
956 1047 1041 1122 quas
1068 1026 1198 1104 an'tefi
1221 979 1334 1102 annos
1358 1030 1411 1102 ιιι·
1426 1024 1629 1125 Conspectu
1653 1027 1959 1110 Chrestomathlae

459 1146 656 1218 sanskritae
679 1141 882 1215 nominibus
907 1141 1098 1237 alphabeto
1124 1143 1314 1239 adscriptis
1340 1145 1589 1238 distinxeram,
1620 1147 1690 1220 hoc
1716 1149 1796 1220 loco
1820 1170 1962 1222 secura

459 1264 529 1334 tius
564 1261 718 1331 discerni
750 1259 918 1354 oportuit.
970 1250 1078 1359 Quod
1109 1259 1250 1352 quidem
1284 1263 1392 1334 etiam
1424 1262 1469 1334 ad
1501 1265 1718 1357 propositum
1750 1270 1832 1357 apte
1851 1286 1881 1335 a
1907 1287 1962 1336 me

457 1375 593 1450 lactum
620 1395 695 1446 esse
718 1377 828 1471 puto,
870 1376 1046 1470 quamvis,
1088 1375 1229 1470 saepius
1253 1397 1391 1472 quoque
1418 1377 1499 1450 aliis
1522 1375 1726 1450 nominibus
1749 1380 1804 1452 uti
1829 1380 1965 1471 potuis

459 1514 614 1580 sem‚e.
641 1512 671 1561 o.
699 1510 784 1584 quas
809 1490 849 1561 in
873 1487 1138 1562 tabuleliteras
1163 1493 1490 1568 tenuesnominaui
1515 1493 1738 1582 comedim,
1764 1494 1871 1564 etiam
1897 1489 1965 1619 dtr-
2038 1529 2040 1533 v
2169 1522 2172 1532 ·

458 1620 518 1670 ras
543 1612 579 1676 et
602 1587 716 1710 spallas
739 1627 813 1676 non
838 1606 953 1676 minus
981 1614 1079 1676 recte
1104 1627 1337 1702 nuncupares.

556 1714 711 1790 Tabulas
735 1711 779 1788 11.
807 1711 867 1792 ul
895 1711 977 1790 IX.
989 1713 1061 1806 Χ.,
1093 1719 1213 1812 quales
1242 1741 1303 1790 eas
1323 1723 1570 1814 grammaticae
1595 1744 1693 1796 meae
1720 1723 1960 1795 accomodatas

460 1835 627 1909 dudum
617 1853 694 1926 ipse
721 1853 957 1921 exaraveram,
983 1831 1070 1903 huic
1093 1833 1193 1928 operi
1221 1833 1381 1918 adjunxi

429 1997 439 2004 -
557 1944 769 2052 Quanquam
791 1951 1012 2042 scripturam
1026 1947 1332 2042 duevanagarioam
1365 1949 1570 2022 addiscendi
1592 1949 1804 2045 legendique
1829 1953 1969 2046 copiam

459 2067 499 2138 in
522 2066 639 2160 prima
662 2057 971 2136 Chrestomathiae
996 2083 1094 2133 meae
1118 2071 1220 2156 parte
1245 2085 1327 2160 pag.
1355 2064 1389 2140 1.
1415 2102 1464 2117 -
1487 2069 1548 2141 20.
1576 2067 1661 2137 satis
1685 2067 1836 2161 amplam
1859 2065 1970 2136 tradi·

459 2181 593 2269 denm,
627 2185 747 2251 tamen
774 2199 843 2273 quo
870 2198 958 2272 opus
981 2175 1050 2248 hoc
1061 2179 1251 2272 integrum
1277 2180 1457 2275 magisque
1483 2179 1522 2252 in
1546 2201 1585 2251 se
1616 2179 1813 2286 ahsolutum
1846 2180 1968 2252 redde·

459 2316 549 2384 rem,
575 2296 755 2388 specimen
782 2293 983 2365 lectionis
972 2290 1156 2365 rutabula
1181 2284 1256 2365 Vll.
1283 2293 1481 2366 addendum
1503 2296 1638 2390 putavi

558 2403 680 2510 Quare
711 2431 814 2484 voces
848 2408 1040 2482 sanskritae
1070 2427 1115 2478 ex
1148 2405 1285 2502 legibus
1319 2408 1534 2514 orthoepicis
1570 2410 1615 2482 ad
1648 2431 1779 2480 morem
1799 2409 1966 2482 vindicum
2015 2485 2018 2492 Ι

461 2525 728 2618 conjungendae
753 2523 1050 2611 existimaverim,
1077 2542 1167 2616 quae
1194 2523 1328 2619 quippe
1352 2545 1538 2620 perperam
1561 2548 1657 2598 more
1682 2531 1801 2596 nostro
1825 2543 1967 2618 separa·

461 2647 597 2725 rentur,
613 2639 758 2734 dixip.
783 2637 891 2716 28·
873 2665 924 2726 o,
954 2634 1000 2708 ci
1026 2657 1063 2730 p
1091 2637 1150 2719 17

561 2747 634 2824 Cur
666 2753 725 2824 his
757 2753 977 2848 potissimum
1010 2751 1124 2821 literis
1158 2751 1306 2840 latinis,
1350 2773 1436 2846 quas
1461 2775 1527 2847 pro
1559 2753 1764 2826 sanskritis·
1759 2694 1965 2840 substitui,

463 2891 544 2942 usus
568 2870 657 2957 sim,
683 2890 756 2939 non
780 2888 861 2942 vero
889 2865 991 2952 aliis,
1019 2865 1166 2958 aliterue
1191 2866 1394 2956 distinctis,
1420 2867 1528 2952 hujus
1551 2872 1605 2942 rei
1630 2871 1804 2941 rationem
1825 2865 1965 2937 reddidi

463 2987 624 3081 inprimis
649 2979 707 3068 66.
735 2982 771 3058 8.
798 2983 857 3058 23.
882 2977 944 3062 24.
972 2989 1007 3052 et
1030 2981 1076 3052 al.

477 3113 479 3116 ·
557 3093 759 3185 Euphonioe
793 3097 888 3190 leges
920 3097 1087 3168 clariores
1118 3097 1264 3168 reddere
1294 3097 1436 3186 studui,
1471 3117 1528 3168 eas
1554 3095 1755 3168 reducendo
1781 3095 1825 3166 ad
1851 3097 1964 3188 ipsam

461 3217 657 3286 naturalem
681 3233 844 3284 sonorum
868 3215 1117 3306 literarumque
1142 3213 1404 3303 cognationem
1428 3208 1506 3296 (66.
1530 3217 1590 3289 25.
1613 3211 1673 3287 26.
1699 3207 1745 3282 ci.
1770 3201 1879 3280 Tab.
1872 3202 1963 3290 mill)

461 3323 564 3398 Unde
591 3328 742 3416 ostendi,
762 3349 872 3428 quam
897 3328 1070 3396 rationem
1096 3325 1142 3395 ad
1167 3325 1304 3396 easdem
1331 3322 1461 3396 habeat
1487 3324 1786 3419 diphthongorum
1812 3323 1964 3398 sanskri-

400 3427 402 3432 ’
463 3453 579 3516 tarum
601 3458 842 3531 numerus,p
867 3443 901 3515 5.
928 3435 963 3513 6.
1408 3499 1409 3502 ,

566 3546 731 3621 Teutonico
761 3547 1002 3646 grammatices
1033 3551 1230 3623 sanskritae
1256 3552 1400 3622 nomina
1426 3557 1463 3625 et
1487 3549 1653 3624 formulas
1680 3545 1810 3626 Hindis
1834 3557 1963 3631 sollen-

462 3694 548 3760 nes,
579 3667 677 3740 ubi
668 3691 707 3764 ιιι
733 3668 869 3763 legibus
894 3668 1129 3762 grammaticis
1154 3666 1411 3738 constituendis
1437 3676 1471 3738 et
1496 3667 1714 3760 explicandis
1734 3671 1805 3742 vim
1827 3674 1964 3767 praeci-

463 3809 569 3884 puam
592 3781 726 3853 habere
751 3775 974 3873 videbantur,
1000 3785 1253 3878 interpretatus
1278 3804 1353 3852 sum
1378 3783 1520 3870 latinis3
1551 3782 1630 3870 vel,
1657 3775 1741 3873 ulri',
1770 3806 1861 3880 quae
1887 3807 1965 3857 sen·

465 3904 520 3974 sui
545 3898 788 3988 convenirent,
813 3901 886 3982 jam
910 3899 998 3968 alias
1022 3898 1152 3967 usitata
1178 3901 1309 3983 essent,
1333 3895 1389 3966 his
1415 3897 1592 3988 congruis,
1616 3899 1655 3968 in
1672 3921 1717 3970 ,re
1740 3901 1964 3994 grammatica

465 4016 558 4111 apud
580 4034 644 4084 nos
669 4013 850 4104 receptis,
873 4014 929 4085 uel
952 4014 1032 4082 aliis
1055 4013 1167 4108 aptis,
1191 4008 1317 4105 quibus
1345 4013 1451 4080 etium
1478 4014 1553 4104 ipse
1578 4015 1846 4106 reitconceptus
1870 4012 1964 4104 indi·

464 4141 611 4205 caretur.
664 4121 752 4199 Cum
776 4125 845 4210 his*
860 4127 1032 4220 tum—illis
1062 4146 1164 4199 uoces
1199 4125 1339 4216 saepius
1377 4125 1497 4196 addidi
1530 4129 1734 4200 sanskritae.
1784 4119 1834 4196 At
1857 4146 1963 4218 quum

453 4249 609 4321 'nomina
634 4241 808 4314 sanskrita
834 4241 877 4310 ad
901 4238 1100 4312 methodum
1125 4241 1235 4326 solum
1257 4231 1469 4330 Hindorum,
1495 4239 1597 4312 nobis
1622 4244 1782 4326 alienam,
1805 4239 1964 4335 pertine-

465 4371 567 4450 rent,
594 4353 693 4430 'mere
717 4355 923 4444 arbitraria,
948 4356 1037 4447 ,ipsa
1063 4356 1218 4428 notionis
1251 4345 1433 4449 expertia,
1467 4356 1593 4426 iisdem
1625 4378 1688 4449 pro
1720 4372 1814 4426 more
1842 4363 1961 4428 nostro
2086 4412 2089 4420 .

465 4479 536 4548 alia
558 4473 736 4561 substitui,
763 4470 887 4566 quihus
910 4479 1079 4566 quantum
1099 4465 1178 4542 fieri
1196 4481 1334 4590 posset,
1351 4479 1405 4539 res
1425 4471 1502 4562 ipsa
1520 4463 1738 4541 definiretur.
1788 4465 1960 4541 Nonnun-

466 4613 569 4690 quam
597 4597 711 4660 autem
736 4590 841 4657 etiam
863 4586 1047 4657 sanskritis
1077 4607 1158 4698 usus
1191 4585 1286 4674 suni,
1321 4583 1352 4654 e.
1387 4608 1416 4652 c.
1443 4579 1654 4663 Anosvrra,
1691 4579 1859 4673 Visorgo,
1895 4584 1958 4657 uhi
1991 4592 1994 4600 '

467 4731 547 4782 vero
572 4703 776 4776 distinctam
809 4723 946 4796 quoque
980 4681 1147 4793 praemisi
1180 4699 1336 4770 notionis
1370 4719 1489 4769 eorum
1515 4669 1767 4774 definitionem
1804 4690 1875 4772 Cf.
1899 4689 1958 4788 66.

468 4822 526 4902 18
551 4819 717 4902 56103
744 4816 826 4916 109.
855 4816 924 4893 113
948 4835 1021 4909 seq.
1049 4815 1118 4899 179
1142 4832 1215 4908 seq.
1240 4809 1313 4890 206
1338 4833 1409 4908 seq
1512 4917 1516 4924 1
1652 4895 1657 4902 Ι
1798 4867 1799 4874 ,
