4624 5736
449 704 486 778 X
569 764 573 772 ,

451 1036 641 1110 rumpens
674 1017 713 1085 in
746 1008 928 1109 Europam
964 1012 1135 1101 aduecta,
1176 1005 1351 1083 Londinii
1382 1013 1604 1107 potissimum
1639 1014 1818 1090 invenitur
1831 1067 1845 1107 ,
1885 999 1963 1090 ubi

333 1132 337 1138 ’
449 1135 553 1228 plura
578 1131 766 1202 eorundem
790 1127 966 1200 hahentur
990 1129 1138 1202 venalia.
1189 1121 1288 1228 Quin
1316 1137 1456 1221 praeter
1486 1127 1551 1200 hos
1583 1131 1721 1202 codices
1746 1125 1852 1206 MSS.
1877 1135 1950 1216 jam

451 1249 548 1342 typis
567 1247 656 1318 editi
672 1252 833 1338 prostant
857 1247 961 1336 varii,
987 1245 1131 1320 circiter
1154 1238 1219 1332 40,Δ
1248 1245 1286 1313 in
1311 1243 1439 1338 quibus
1463 1265 1569 1339 opera
1593 1253 1676 1318 sunt
1699 1248 1845 1352 meliora
1869 1247 1951 1342 phi-

452 1362 617 1455 lologica,
643 1361 770 1454 legalia
794 1369 830 1432 et
851 1359 1091 1448 juridiciaiia3
1115 1359 1234 1453 aliqua
1259 1360 1366 1431 etiam
1386 1359 1790 1454 mythistoricapoetica
1813 1372 1848 1433 et
1869 1361 1951 1456 phi·

453 1469 648 1568 iasophica.
699 1468 861 1545 Maxima
886 1495 970 1548 vero.
993 1495 1110 1545 eorum
1134 1493 1215 1568 pars
1242 1471 1354 1544 adhuc
1379 1482 1431 1545 est
1457 1475 1616 1563 inedita,
1645 1476 1686 1544 in
1714 1475 1841 1570 quihus
1864 1479 1952 1548 mul·
2039 1493 2044 1500 '

453 1599 505 1676 ta,
532 1611 622 1684 quae
649 1591 693 1660 ad
718 1589 916 1678 mathesin,
947 1589 1158 1658 medicinam
1184 1595 1219 1657 et
1247 1596 1395 1660 naturae
1418 1587 1603 1662 historiam
1629 1598 1814 1682 spectant,
1840 1592 1952 1688 inpri·
2009 1577 2012 1590 ’

454 1707 520 1776 mis
545 1713 662 1806 autem
687 1727 775 1800 quae
801 1706 844 1777 ad
868 1705 1008 1800 poesin,
1033 1703 1290 1792 mythistoriam
1310 1712 1345 1775 et
1360 1701 1495 1777 diversa
1511 1703 1761 1798 phiiosophiae
1787 1709 1952 1806 antiquae

454 1828 654 1916 systemata.
951 1805 954 1810 ⁸
1040 1911 1042 1918 y
1145 1893 1147 1898 .
1527 1889 1535 1902 ,

553 1929 656 2037 Quae
682 1942 767 2031 quot
792 1945 829 2006 et
857 1934 974 2028 qualia
1000 1937 1093 2022 sint,
1133 1929 1245 2003 fusius
1270 1915 1419 2005 tractavi
1442 1935 1481 2005 in
1508 1956 1612 2030 opere
1638 1933 1794 2022 edendo,
1826 1938 1884 2007 cui
1902 1939 1954 2008 ti·

454 2051 577 2122 tulus:·
596 2045 860 2140 Encyctopoedta
888 2045 1086 2130 Sanstrita,
1111 2047 1174 2118 ubi
1202 2049 1309 2118 etiam
1335 2047 1380 2118 de
1401 2071 1467 2121 usu
1490 2040 1665 2118 Sanskriti
1692 2051 1808 2141 agitur
1833 2052 1872 2121 in
1895 2071 1954 2124 ve·

455 2162 519 2238 riis
545 2165 745 2260 disciplinis
771 2172 807 2237 et
832 2165 875 2235 de
901 2161 984 2234 fatis
1012 2164 1168 2248 eiusdem
1194 2164 1289 2232 inter
1312 2155 1529 2257 Europaeos,
1576 2155 1627 2234 At
1654 2164 1696 2234 de
1722 2167 1956 2257 grammaticis

455 2282 642 2352 sanskritis
676 2281 795 2374 aliqua
823 2302 901 2368 me,
936 2280 1151 2376 quae-scitu
1175 2279 1324 2350 maxime
1350 2285 1434 2350 sunt
1458 2279 1677 2367 necessaria,
1711 2278 1793 2350 huic
1817 2302 1955 2376 quoque
2048 2329 2049 2334 κ

378 2385 406 2480 sp
458 2397 560 2488 operi
583 2397 809 2487 praemittere
833 2373 982 2488 oportet.
1058 2409 1062 2414 “
1840 2487 1845 2492 .

559 2503 879 2580 Grammaticorum
913 2510 1164 2581 sanskritarum
1196 2509 1264 2579 duo
1298 2509 1359 2580 hic
1391 2508 1637 2602 distinguimus
1672 2529 1826 2602 genera,
1867 2510 1956 2584 illud

460 2619 683 2713 Hindorum,
708 2625 883 2695 sanskrite
908 2628 1099 2719 scriptum,
1127 2633 1163 2695 et
1184 2617 1450 2717 Europaeorum
1474 2623 1644 2711 alterum,
1671 2645 1714 2694 ex
1739 2627 1802 2697 illo
1824 2627 1959 2707 deriva-

459 2729 552 2829 tum‚'
579 2742 678 2823 cujus
704 2739 944 2834 prima1805·
999 2733 1181 2810 Calouttae
1205 2746 1257 2809 est
1282 2738 1389 2809 edita.
1438 2731 1540 2827 Illae,
1565 2758 1712 2836 quarum
1736 2761 1881 2835 magnus
1905 2757 1960 2822 est
2005 2723 2007 2735 ¹

458 2876 647 2943 numerus,
683 2877 756 2924 non
782 2855 898 2954 minus
932 2862 1115 2925 accuratae
1142 2859 1254 2940 sunt,
1292 2851 1439 2922 subtiles
1458 2859 1570 2946 ‘atque
1601 2854 1775 2944 copiosae.
1831 2851 1960 2934 Verum

464 2971 640 3042 enimvero
658 2967 708 3040 ab
734 2971 891 3064 antiquis
912 2967 1139 3063 'temporibus
1168 2969 1211 3038 ad
1241 2961 1424 3038 scientiam
1448 2959 1646 3042 Vaedarunr
1670 2987 1804 3042 sacram
1830 2976 1960 3049 tradita

461 3095 544 3158 sunt
567 3107 630 3156 sex
657 3085 866 3155 eruditionis
891 3083 1046 3156 membra
1078 3085 1151 3156 sive
1186 3103 1332 3176 corpora
1360 3076 1623 3172 (Vaesana),
1656 3085 1696 3154 in
1723 3078 1849 3180 quibus
1876 3113 1960 3185 qua.

460 3209 544 3274 tuor
566 3191 611 3271 ari
635 3200 866 3292 philologiam
889 3201 1084 3292 pertinent.
1134 3192 1248 3292 Typis
1272 3205 1388 3268 autem
1410 3197 1484 3279 jam
1510 3198 1705 3290 exscriptae
1729 3207 1963 3294 praestantio-

342 3377 344 3381 ,
460 3337 516 3414 res
542 3322 623 3389 sunt
650 3306 1032 3406 Grammaticaeseqq.
1084 3309 1126 3395 1)
1149 3305 1329 3404 'antiquior
1357 3303 1525 3388 Paninis,
1550 3329 1595 3388 ex
1618 3312 1733 3402 prima
1758 3313 1962 3391 literaturae
2083 3375 2087 3389 .

365 3465 372 3472 ·
461 3411 658 3516 sanskritae
682 3433 797 3497 aetate
805 3473 819 3512 ,
848 3426 906 3494 cui
930 3425 1074 3494 titulus:
1106 3411 1275 3502 socrant,
1300 3424 1328 3491 i.
1352 3446 1383 3492 e.
1409 3423 1550 3514 regulae
1575 3419 1735 3514 (3996),
1760 3451 1839 3500 cum
1862 3432 1963 3505 scho·
2071 3417 2075 3425 “

462 3545 521 3614 liis
551 3541 768 3612 'melioribus
784 3571 798 3626 ,-
845 3539 940 3642 edita
982 3533 1165 3608 Calouttae
1212 3535 1305 3616 1809
1348 3537 1447 3619 jussu
1491 3529 1538 3606 H.
1581 3533 1624 3610 T.
1669 3537 1873 3610 cucurrerit
1918 3546 1963 3634 (2

344 3685 346 3690 ’
461 3653 553 3732 Voll.
584 3653 641 3742 lt).
702 3654 745 3740 2)
780 3650 838 3725 Ex
866 3654 1073 3724 recentiori.¹
1092 3653 1296 3722 literaturae
1329 3651 1527 3722 sansskritae
1559 3661 1699 3744 aetate,
1736 3657 1800 3728 sub
1832 3661 1962 3734 titulo:

461 3761 1235 3864 Voaatarana-saudauma-Krommyon„
1278 3767 1523 3861 praecedentis
1559 3775 1612 3840 est
1642 3769 1847 3846 retractatio
1879 3785 1962 3848 ante

463 3891 533 3960 duo
569 3890 709 3958 circiter
742 3885 881 3954 saecula
914 3904 934 3953 a
960 3877 1388 3950 Bacuenses-Dumna
1419 3866 1540 3971 facta,
1578 3891 1613 3954 et
1647 3879 1832 3962 Calouttae
1865 3891 1961 3968 edita

463 4003 560 4079 1812
593 4004 630 4072 in
664 3999 726 4072 foi.
793 3995 835 4081 ὅ)
868 3991 953 4068 Alia
985 3999 1132 4068 minoris
1163 3999 1296 4090 pretii,
1333 3996 1397 4070 suh
1429 3998 1591 4071 nomine:
1626 3993 1960 4087 Mugdtro-bodtra,

460 4121 592 4215 scripta
618 4139 639 4187 a
664 4111 875 4202 Vopaaaeca,
900 4116 959 4207 qui
979 4111 1160 4186 uocabulis
1184 4112 1367 4184 technicis·
1386 4122 1443 4185 est
1462 4134 1558 4203 usuS,
1584 4116 1743 4211 quaeab
1767 4118 1841 4188 illis
1865 4120 1963 4212 prio·

428 4315 434 4324 ,
461 4257 537 4308 rum
562 4233 745 4318 recedunt,
775 4230 870 4298 edita
895 4218 1124 4320 Serampurae
1145 4227 1253 4326 Ι1801.
1281 4229 1320 4297 in
1346 4227 1403 4304 12.
1982 4219 1994 4228 “

488 4331 504 4374 ”
560 4343 620 4419 De
646 4331 713 4417 hoc
739 4365 867 4438 genere
892 4343 995 4438 plura
1021 4343 1194 4437 congessit
1217 4345 1260 4412 cl.
1289 4339 1517 4410 crteerookiur
1540 4345 1580 4414 in
1599 4339 1827 4455 praefatione
1850 4367 1962 4441 gram·

460 4466 614 4537 maticae
645 4482 750 4549 suae,
785 4468 821 4529 et
841 4459 886 4527 in
910 4480 1015 4552 opera
1053 4459 1215 4551 anglico,
1252 4460 1364 4557 quod:
1397 4452 1514 4526 Astur.
1545 4451 1748 4524 Researctres
1771 4459 1963 4555 incriptum

465 4591 533 4670 est,
556 4572 635 4652 Vol.
659 4569 735 4648 Vll.
765 4575 835 4654 199
861 4595 933 4668 seq.
959 4568 1006 4642 X.
1035 4572 1107 4652 389
1134 4582 1200 4643 etc.
1227 4573 1282 4644 ed.
1304 4572 1340 4647 8.

350 4707 352 4711 “
558 4689 720 4766 Alterum
744 4689 1047 4784 grammaticarum
1072 4683 1323 4767 sanskritarum
1348 4706 1457 4778 genus
1483 4707 1502 4754 e
1527 4684 1656 4776 priori,
1684 4681 1729 4755 ab
1753 4677 1887 4773 Angtis
1911 4693 1985 4762 so-'

465 4814 554 4902 lum,
581 4816 634 4881 est
660 4806 868 4894 derivatum,
895 4803 956 4898 qui
972 4793 1191 4874 Sauskritum
1208 4803 1248 4874 in
1273 4795 1375 4873 India
1398 4799 1506 4894 primi
1532 4801 1730 4873 accuratius
1753 4785 1966 4896 didicerunt,¹
