4624 5736
1781 716 1851 798 XV

448 1035 615 1112 Ceterum
638 1023 782 1128 linguae
804 1021 886 1102 usus
909 1048 951 1100 ac
971 1026 1065 1106 facta
1092 1048 1214 1102 eruere
1241 1027 1374 1116 studui,
1404 1025 1524 1102 eadem
1553 1028 1677 1099 ordine
1703 1029 1852 1103 distine-

353 1171 388 1234 ta
415 1155 594 1256 prolerre,
628 1173 671 1222 ao
693 1157 735 1220 ut
754 1148 890 1242 regulas
914 1149 1071 1241 praecise
1097 1145 1348 1243 exprimerem,
1388 1165 1530 1238 operam
1554 1145 1661 1231 dedi,
1687 1147 1774 1239 quin
1798 1150 1853 1218 ul-

351 1277 422 1347 lum
451 1282 569 1344 tamen
605 1265 757 1348 olicotos
787 1263 957 1334 momenti
990 1271 1160 1357 punctum
1193 1265 1363 1334 intactum
1395 1260 1614 1354 reliquerim.
1670 1254 1851 1360 Quantum

351 1399 467 1462 autem
498 1389 652 1460 uirorum
688 1379 956 1452 clarissimorum
987 1373 1191 1444 Culehroolrii
1218 1385 1253 1447 et
1282 1363 1466 1444 thkiust'i
1495 1375 1663 1469 operibus
1684 1333 1851 1463 debeam,

351 1521 392 1576 ac
402 1498 612 1588 subsidiis,
646 1504 816 1594 quantum
848 1495 973 1589 primis
1008 1493 1053 1563 cl.
1082 1486 1129 1561 A
1160 1485 1377 1559 Hanttnnti
1413 1491 1722 1639 institutionibus,
1753 1502 1851 1586 grato

350 1623 468 1692 animo
494 1636 681 1712 agnoscere
705 1631 885 1704 nunquam
911 1610 1079 1679 desinam.

446 1727 549 1835 Quae
574 1751 655 1801 vero
681 1727 720 1796 in
742 1725 811 1794 hoc
832 1743 943 1817 'opere
970 1723 1105 1794 adhuc
1119 1723 1351 1796 desideranda
1384 1730 1489 1811 sunt,
1518 1723 1760 1812 emendanda,
1794 1725 1854 1796 ad·

355 1851 502 1923 denda
485 1869 524 1917 ac
547 1841 806 1929 illustranda,
796 1863 835 1910 ιιι
862 1840 1018 1924 ejusdem
1048 1831 1301 1925 sepptemenro,
1322 1839 1454 1931 quod
1441 1859 1514 1922 Jam
1538 1827 1728 1934 plurimum
1751 1853 1854 1934 para·

349 1969 407 2054 ui,
445 1963 549 2032 edere
583 1957 762 2028 constitui.
815 1949 895 2025 Etsi
919 1963 1035 2025 autem
1063 1977 1102 2022 aa
1128 1965 1287 2046 magnam
1311 1962 1447 2048 partem
1480 1953 1613 2048 optime
1646 1955 1724 2049 ipse
1748 1977 1854 2026 nore·

349 2083 440 2165 rim,
477 2083 597 2148 tamen
622 2093 713 2168 quae
741 2069 785 2141 ah
812 2070 957 2143 eruditis
982 2069 1073 2140 mihi
1103 2063 1376 2156 indicabuntur,
1407 2067 1469 2139 uhi
1493 2069 1537 2138 ad
1561 2089 1635 2139 rem
1658 2071 1854 2162 pertinent,

350 2175 495 2264 minime
527 2190 724 2284 negligam,
762 2193 869 2281 atque
902 2186 995 2257 nihil
1032 2185 1176 2258 omitam
1186 2233 1201 2273 ,
1234 2203 1302 2279 quo
1339 2175 1617 2256 Grammaticam
1648 2182 1742 2254 hanc
1774 2202 1855 2277 per·

351 2305 455 2379 ficere
479 2306 621 2399 possim.

446 2417 488 2492 ln
522 2419 679 2502 eiusdem
710 2399 939 2504 Supptemenro
972 2404 1209 2511 exemplorum
1238 2435 1421 2486 numerum
1455 2417 1499 2488 ad
1531 2416 1728 2511 regularum
1761 2417 1854 2487 ordi·
1906 2493 1908 2500 ¹
2019 2415 2028 2428 ’

351 2559 432 2608 nem
459 2535 650 2610 traditurus
677 2553 751 2603 sum
777 2532 862 2602 satis
888 2534 1055 2624 amplum,
1084 2554 1231 2627 eumque
1256 2533 1483 2625 tripartitum,
1509 2533 1648 2604 scilicet
1673 2532 1855 2605 extribus
1979 2579 1985 2586 -

352 2647 525 2724 aetatibus
547 2645 822 2744 principalibus,
849 2667 935 2750 quas
960 2648 998 2717 in
1023 2669 1101 2718 meo
1119 2641 1342 2713 Literaturae
1368 2637 1567 2718 Hindorum
1593 2656 1698 2744 opere
1726 2656 1852 2718 statuo.

350 2758 541 2839 Enimvero
577 2767 616 2834 in
649 2771 777 2858 gente,
820 2782 910 2856 quae
943 2764 1033 2834 mira
1069 2763 1223 2833 omnium
1255 2781 1371 2854 paene
1405 2759 1594 2834 formarum
1629 2763 1855 2857 antiquarum

324 2927 331 2936 -
353 2879 638 2952 immutabilitate
667 2885 821 2965 tenetur,
848 2879 956 2948 etiam
981 2879 1124 2971 linguae
1147 2877 1337 2947 discrimen
1362 2879 1471 2948 multo
1499 2879 1640 2974 quidem
1663 2873 1778 2948 minor
1803 2886 1856 2949 est

352 3017 392 3067 ac
421 3016 613 3082 annorum3
653 3016 684 3062 e.
713 3017 744 3063 c.
769 2995 806 3063 in
832 2985 1085 3074 Brihatlrntha,
1118 3011 1207 3085 quae
1235 2993 1389 3062 saeculov
1408 2993 1591 3062 undecimo
1617 2994 1747 3084 scripta
1778 3003 1856 3078 est,

352 3131 463 3182 sermo
494 3131 567 3180 non
597 3107 746 3178 multum
777 3105 877 3178 abest
907 3103 951 3176 ab
982 3129 1023 3175 eo
1048 3099 1312 3172 Maltalharati.
1361 3097 1531 3178 Attamen
1556 3127 1628 3175 non
1654 3103 1786 3192 solum,
1824 3109 1855 3176 si

353 3225 521 3296 scientias
554 3223 707 3297 diversas
745 3229 904 3316 spectes,
940 3222 1002 3292 sed
1034 3220 1139 3291 etiam
1170 3222 1311 3315 linguae
1342 3219 1580 3292 characterem
1610 3241 1649 3290 ac
1677 3219 1856 3290 scribendi

351 3361 483 3434 genus,
518 3346 587 3404 tres
618 3337 824 3432 praecipue·
845 3359 964 3406 eorum
1000 3337 1171 3430 distingui
1204 3335 1351 3429 possunt
1380 3321 1534 3402 aoorer.'
1563 3327 1700 3430 Nempe
1720 3331 1855 3422 primo,

353 3477 443 3550 quae
469 3475 490 3526 a
516 3446 713 3526 Vaedarum
746 3453 1000 3545 compositione
1027 3452 1229 3524 extenditur
1261 3451 1439 3546 usquead
1471 3451 1674 3524 literaturae
1705 3450 1856 3522 sanslrri·

353 3581 411 3645 tae
443 3571 618 3642 saeculum
649 3589 816 3652 aureum,
856 3561 1124 3654 thramaditjae
1148 3562 1175 3637 1.
1201 3551 1479 3638 celeberrimum.
1525 3559 1600 3636 Ubi
1631 3566 1857 3659 grammatica

352 3679 528 3758 Vaedicae
554 3683 726 3756 dialectos
756 3683 903 3754 eandem
932 3681 1007 3752 fere
1034 3683 1208 3753 rationem
1229 3682 1337 3753 habet
1362 3683 1402 3751 in
1427 3663 1626 3770 Sanslrrito,
1652 3702 1692 3752 ac
1717 3702 1759 3751 ea
1782 3673 1855 3750 Ho-

353 3805 504 3872 mericae
530 3802 567 3889 in
593 3791 745 3869 Graeco.
801 3793 955 3866 Secundo
990 3805 1085 3878 aetas
1117 3789 1162 3867 ah
1190 3795 1258 3865 hoc
1290 3804 1445 3890 tempore
1475 3797 1640 3892 procedit·
1666 3818 1777 3890 usque
1811 3797 1879 3866 ad⁴

353 3909 539 3987 Saeculum
564 3908 612 3982 X.
635 3935 671 4008 p.
698 3907 855 3999 Christ,
890 3933 911 3981 a
938 3933 1007 4006 qoo
1033 3905 1186 3978 Bodrhoe
1213 3905 1336 3977 doeoae
1368 3912 1459 4005 regis
1486 3917 1581 3988 aetas
1606 3913 1763 4001 orditur,
1798 3915 1858 4007 qui

353 4057 428 4104 non
452 4032 565 4100 minus
589 4028 668 4120 ipse
694 4028 845 4119 insignis
879 4027 1009 4099 dicitur
1043 4028 1158 4121 operis
1191 4036 1333 4114 auctor,
1369 4017 1473 4120 quum
1506 4039 1670 4121 magnum
1705 4030 1744 4100 in
1777 4029 1857 4100 aula

353 4168 416 4218 sua
441 4143 656 4234 eruditorum
679 4163 876 4230 numerum,-
905 4143 1163 4238 philologorum
1186 4145 1422 4238 potissimum,
1449 4143 1486 4214 in
1511 4141 1639 4237 quibus
1665 4144 1856 4228 et'critlcl,

354 4285 459 4360 porro
483 4258 828 4344 mathematicorum,
855 4259 1019 4351 inprimis
1044 4281 1125 4331 uero
1151 4260 1239 4352 legis
1267 4245 1458 4352 peritorum
1475 4256 1601 4332 fovisse
1626 4255 1747 4328 fertur.
1798 4249 1858 4326 Ex

356 4375 457 4445 tertia
482 4376 589 4444 etiam
613 4371 747 4460 aetate,
772 4391 861 4466 quae
886 4373 1072 4468 scriptores
1098 4395 1118 4443 a
1142 4367 1405 4440 Bodshadoeua
1427 4395 1538 4469 usque
1566 4373 1610 4443 ad
1634 4379 1772 4464 tempus
1796 4395 1861 4442 no·

354 4494 533 4568 tissimum
565 4487 831 4582 complectitur,
868 4487 1155 4581 quemadmodum
1193 4509 1235 4556 ex
1267 4486 1560 4583 praecedentibus
1595 4487 1706 4559 multa
1738 4495 1859 4558 extant

357 4629 465 4702 opera
493 4603 610 4674 utilia.
672 4597 817 4673 Nullum
853 4604 985 4698 quippe
1018 4610 1156 4695 tempus
1190 4602 1342 4674 indicari
1375 4611 1523 4698 potest,
1568 4604 1609 4673 in
1642 4625 1710 4698 quo
1744 4595 1858 4675 Hindi

355 4745 429 4796 non
455 4721 575 4816 plures
603 4717 803 4796 excolerent
829 4719 1015 4805 scientias,
1051 4718 1089 4787 in
1116 4719 1230 4812 iisque
1257 4721 1477 4812 potissimum
1503 4718 1735 4813 philologiam
1761 4739 1857 4791 sans·

355 4839 501 4925 lrritam,
525 4829 715 4920 mathesin,
741 4833 829 4926 legis
850 4835 1030 4928 peritiam,
1056 4841 1202 4918 naturae
1224 4834 1407 4908 historiam
1428 4845 1462 4908 et
1489 4837 1534 4908 al.
1586 4829 1750 4928 Inprimis
1776 4855 1858 4908 uero
