4624 5736
477 669 563 769 XVI

377 1005 380 1016 ·
476 993 601 1088 poesin
634 1011 769 1067 sacrun
805 995 841 1062 et
869 977 1056 1080 profanam
1090 977 1166 1056 iore
1205 989 1386 1080 nunquam
1414 980 1613 1083 neglexisse
1648 987 1824 1068 ridentur.
1874 970 1978 1094 Quae
2108 1009 2114 1023 ·

478 1109 621 1203 quidem
642 1111 764 1182 omnia
790 1107 829 1176 in
856 1095 1059 1172 Literatura
1081 1098 1259 1172 sauskrita
1286 1097 1398 1174 fusius
1423 1123 1498 1174 sum
1521 1111 1796 1183 tractaturus..

478 1211 480 1214 ’
570 1219 746 1321 Exempla
770 1227 887 1293 autem
912 1215 1138 1310 grammatica
1165 1214 1215 1284 in
1235 1209 1466 1303 Sopptemenro
1501 1243 1595 1292 cum
1616 1243 1661 1295 ex
1686 1199 1839 1296 uetitum
1866 1225 1981 1302 diver?

360 1359 368 1364 ·
474 1359 590 1412 aarum
625 1341 743 1435 poetis
774 1333 952 1421 alierum,
992 1339 1066 1402 tum
1096 1351 1140 1402 ex
1171 1329 1403 1425 scriptoribus
1433 1337 1603 1434 prosaicis
1629 1349 1736 1433 utque
1770 1340 1842 1412 illis
1875 1343 1978 1412 mixti

471 1455 614 1548 generis
645 1448 862 1542 (rotomnam
898 1447 1134 1520 necessarium
1156 1467 1305 1544 quoque
1337 1446 1381 1518 de
1405 1449 1571 1556 prosodia
1601 1453 1779 1526 sanskrita
1809 1427 1978 1538 subjunc-

470 1579 580 1640 turus
630 1564 746 1673 Quam
768 1591 872 1665 porro
897 1565 936 1634 in
961 1561 1107 1634 diuersis
1131 1561 1307 1634 aetatibus
1331 1583 1412 1634 usus
1435 1551 1591 1640 diversus
1614 1566 1875 1656 vocabulorum
1886 1593 1978 1640 com·

376 1702 379 1710 ·
469 1687 676 1780 positorum,
702 1705 791 1781 quac
818 1681 862 1752 ab
890 1673 1020 1750 Hindis
1038 1669 1140 1767 flores
1159 1673 1268 1742 clausi
1294 1679 1536 1771 nominantur,
1562 1682 1633 1758 uim
1654 1681 1785 1754 habeat
1808 1695 1844 1757 et
1870 1687 1999 1776 signi·

468 1795 692 1893 ficationem,
732 1798 866 1876 ibidem
899 1791 1114 1866 monstrabo.
1176 1785 1285 1866 Stilus
1321 1794 1455 1887 quippe
1490 1817 1563 1866 non
1600 1792 1835 1892 frequentiori
1865 1801 1976 1870 solum
2035 1799 2036 1807 ’

458 1935 671 2013 magnarum
696 1936 819 1990 uocum
838 1911 950 2006 copie
975 1907 1226 2002 distinguitur,
1262 1907 1325 1980 sed
1360 1907 1563 1982 substitutis
1596 1932 1669 1982 non
1702 1912 1818 1986 minus
1850 1911 1975 1984 barum

465 2035 538 2109 sive
564 2033 746 2103 nominum
768 2027 905 2100 casibus
927 2045 993 2120 pro
1025 2023 1319 2106 conjunctionum
1352 2019 1562 2116 particulis,
1601 2026 1647 2098 de
1674 2047 1742 2120 quo
1768 2027 1807 2096 in
1831 2047 1974 2120 gramm

465 2141 675 2218 -Omnes
700 2154 817 2222 autem
843 2144 961 2229 locos,
989 2145 1161 2234 quantum
1186 2138 1294 2226 licet,
1327 2146 1401 2236 arte
1426 2139 1552 2212 critica
1576 2137 1743 2234 probatos
1766 2143 1974 2213 nominatim

466 2263 722 2356 tradam,'que
748 2259 890 2356 quidem
914 2257 954 2326 in
979 2277 1017 2326 re
1028 2303 1043 2344 ,
1071 2253 1102 2324 si
1127 2245 1475 2326 cl.‘Colebrookium
1501 2255 1683 2348 excipias,
1718 2263 1972 2328 antecessorem

467 2376 582 2455 habco
604 2379 763 2467 nullum,
796 2375 865 2448 nisi
889 2372 981 2467 quod
1009 2371 1079 2466 ipsi
1103 2375 1262 2440 auctores
1288 2369 1400 2441 indici
1424 2367 1469 2440 ad
1494 2369 1596 2464 plura
1618 2388 1747 2465 magno
1772 2370 1876 2443 nobis
1898 2373 1972 2443 sint

404 2550 409 2556 .
467 2495 685 2580 adjumento.
1454 2516 1456 2524 ·

566 2603 682 2706 Quam
710 2606 754 2678 ad
781 2595 1001 2676 Sanskritum
1032 2605 1205 2680 rationem
1235 2597 1394 2670 habeant
1423 2600 1568 2672 dialecti
1598 2593 1800 2672 Hindorum
1831 2602 1971 2694 praeci·

463 2745 557 2822 puae
583 2743 624 2793 ac
650 2723 800 2792 maxime
822 2721 1042 2826 cognatae,'
1032 2741 1072 2790 m
1097 2701 1219 2788 eodem
1240 2707 1495 2808 Supplemento
1519 2715 1731 2788 monstrabo
1780 2709 1968 2788 Praeterea

464 2839 674 2932 subjungam
707 2835 799 2916 scitu
822 2835 973 2905 maxime
996 2833 1195 2904 necessaria
1219 2830 1263 2902 de
1288 2831 1591 2922 grammaticorum
1618 2831 1873 2903 sunskritorum
1899 2833 1969 2902 lin·

462 2979 531 3052 gua
555 2953 740 3050 technica:
766 2951 809 3024 de
836 2947 1058 3046 quibusdam,
1085 2968 1171 3043 quas
1193 2951 1372 3034 nectant,
1400 2938 1522 3038 figuris
1548 2945 1752 3034 metoricis3
1778 2947 1822 3017 de
1849 2947 1967 3018 studio
2002 2929 2005 2937 ’

460 3043 636 3143 sanslerito
657 3066 813 3140 feliciter
834 3063 1072 3152 instituendo,
1096 3062 1234 3134 tabulas
1252 3083 1391 3158 quoque
1414 3061 1551 3156 aliquas
1571 3061 1740 3145 adjiciam
1757 3083 1797 3132 ac
1815 3061 1964 3132 indices.

558 3181 707 3274 Restat,
734 3191 774 3253 ut
799 3181 935 3266 dicam,
972 3181 1148 3273 integrum
1172 3179 1240 3248 hoc
1267 3199 1354 3272 opus
1380 3199 1459 3247 cum
1483 3175 1639 3263 tabulis,
1671 3179 1701 3247 si
1725 3177 1905 3272 aliquot'
1891 3197 1964 3258 ram

460 3308 636 3388 exaratas,
663 3319 748 3391 quas
773 3315 878 3388 supra
903 3299 1102 3383 memorari,
1127 3295 1297 3388 excipias,
1325 3296 1365 3363 in
1390 3291 1510 3388 lapide
1534 3294 1703 3387 scriptum
1729 3313 1805 3362 esse
1832 3283 1964 3360 atne-

459 3416 551 3486 resr'a
573 3407 705 3502 Hoyer,
728 3419 888 3481 matrona
908 3407 1178 3495 honestissima,
1207 3430 1296 3503 quae
1319 3409 1426 3478 trium
1447 3407 1618 3476 meusium
1643 3408 1756 3501 spatio
1782 3405 1961 3477 characte-

460 3555 534 3605 rem
560 3529 731 3600 indicnm'
747 3545 905 3609 omnem,
940 3511 1101 3616 magnam
1132 3531 1269 3618 partem
1300 3543 1373 3594 non
1404 3521 1520 3590 minus
1555 3518 1735 3613 eleganter
1766 3539 1808 3592 ac
1839 3529 1959 3608 recte,

458 3655 498 3725 in
528 3646 711 3739 sexaginta
743 3637 855 3714 tribus
890 3637 1069 3733 lapidibus
1092 3641 1270 3728 exaravit,
1305 3637 1464 3709 chartam
1491 3636 1598 3706 etiam
1621 3638 1718 3730 typis
1746 3639 1906 3712 latinis
1896 3661 1960 3708 rm·
2034 3708 2036 3716 ,

456 3781 611 3864 pressam
651 3759 690 3828 in
723 3756 861 3826 eosdem
892 3755 1094 3846 transtulit,
1133 3776 1237 3849 porro
1271 3753 1431 3848 exempla
1464 3749 1644 3844 lapidibus
1679 3756 1814 3828 curauit
1845 3756 1958 3850 inpri-
2057 3839 2065 3856 ,

456 3879 606 3962 menda,
639 3881 743 3968 atque
768 3868 922 3946 laborem
945 3847 1147 3954 hujusmodi
1171 3867 1436 3964 multiplicem
1426 3887 1465 3937 ιιι
1490 3887 1596 3961 opere
1622 3863 1690 3938 hoc
1712 3869 1848 3943 edendo
1875 3851 1967 3942 con-⁵

456 3996 590 4072 sumsit

551 4141 754 4220 Scribeham
778 4133 1005 4236 Wirccburgi
1028 4131 1088 4216 iv.
1112 4133 1194 4213 ldus
1219 4132 1388 4212 Octobris
1413 4129 1733 4212 MDCCCXXIII.
