4624 5736
1779 679 1867 798 xm

368 1041 539 1136 originem
563 1041 602 1110 in
627 1036 706 1135 ipsa
730 1032 882 1108 indicavi
906 1031 959 1104 rel
983 987 1107 1140 natura
1130 1023 1166 1114 il.
1194 1029 1274 1106 103.
1325 1019 1403 1100 Hoc
1428 1035 1545 1118 autem
1568 1033 1603 1100 et
1627 1049 1669 1098 eo
1683 1024 1867 1104 confirma·
1966 1105 1973 1116 ,

366 1168 439 1244 tur,
466 1156 559 1254 quod
582 1153 669 1226 alibi
695 1153 788 1242 dixi,
814 1173 844 1221 e.
871 1158 914 1223 ο..
929 1147 972 1220 de
995 1147 1239 1250 comparandis
1263 1141 1571 1220 terminationibus
1595 1141 1722 1246 §21⁰9
1745 1148 1790 1220 de
1812 1147 1868 1220 fu.

366 1276 436 1344 turi
462 1269 590 1360 torma,
610 1269 717 1344 variis
741 1267 839 1338 locis.
990 1273 992 1280 “
1786 1269 1790 1276 ·

433 1398 434 1404 ¹
460 1421 717 1510 Vocabulorum
741 1421 911 1506 majorum
938 1439 981 1492 er
1006 1418 1168 1514 pluribus
1193 1417 1463 1512 compositorum
1494 1415 1669 1512 explicavi
1694 1419 1865 1514 originem
1955 1516 1960 1522 Ι

365 1551 398 1614 et
425 1544 517 1631 vim,
555 1525 622 1636 qua
646 1513 742 1610 recte
776 1536 920 1629 concipi
956 1533 1128 1626 debeant,
1161 1557 1333 1631 quamque
1367 1535 1406 1605 in
1442 1531 1640 1626 linguamm
1675 1546 1864 1627 systemate

364 1653 521 1730 babeant
547 1649 842 1750 significationem
868 1647 926 1735 bb·
949 1648 1034 1732 204.
1061 1647 1147 1732 284.
1177 1673 1250 1748 seq.
1302 1643 1359 1720 Cf.
1386 1649 1470 1732 207.
1493 1644 1579 1734 274.
1688 1673 1698 1708 r

463 1806 647 1913 Quomodo
671 1810 925 1880 sententiarum
948 1807 1201 1878 sanslrritarum
1225 1803 1440 1876 constructio
1464 1807 1619 1877 nunerio
1643 1830 1737 1882 nexu
1760 1831 1866 1880 mem-

326 1927 333 1940 “
364 1927 505 1998 brorum
529 1933 684 1998 versetur
718 1923 919 2012 liberrimo,
951 1946 1046 1994 nunc
1080 1924 1119 1992 in
1144 1921 1334 1992 eorundem
1358 1919 1546 1992 coalitione
1572 1922 1723 2014 intima,'
1759 1937 1865 2023 atque

363 2041 485 2112 formis
513 2033 618 2110 etiam
643 2047 764 2111 utatur
786 2031 892 2113 variis
917 2037 1150 2124 intermediis,
1179 2037 1340 2133 exposui.
1392 2027 1451 2104 Cf.
1475 2031 1534 2120 §ti
1561 2033 1649 2122 2¹14,
1677 2060 1750 2136 seq,

460 2187 711 2286 Exemplorum
736 2191 1039 2286 grammaticorum
1063 2193 1217 2285 copiam,
1233 2191 1390 2286 'quorum
1413 2183 1551 2283 partem
1577 2193 1616 2263 in
1641 2187 1864 2269 Chrestoma·

286 2353 290 2360 ·
364 2311 443 2383 thia
467 2309 644 2380 sanskrita
668 2317 751 2379 ante
776 2317 847 2380 tres
877 2331 988 2381 annos
1019 2309 1179 2402 vulgavi,
1215 2327 1259 2378 ex
1283 2301 1451 2400 'probatis
1481 2307 1608 2400 collegi
1642 2309 1862 2401 auctoribus;

363 2421 425 2496 ubi
453 2426 578 2513 licuit,
614 2425 651 2494 in
680 2422 861 2494 codicibus
887 2415 993 2494 MSS.
1017 2423 1172 2493 melioris
1205 2428 1333 2509 notae,
1368 2422 1474 2491 etiam
1506 2425 1699 2517 exscriptos
1724 2448 1863 2522 compa·

362 2541 472 2610 raudo
501 2536 669 2634 probavi;
703 2559 823 2608 omnes
850 2545 964 2609 autem
992 2559 1036 2608 ex
1063 2538 1178 2608 certis·
1193 2532 1433 2629 grammatices
1457 2538 1585 2630 regulis
1611 2541 1730 2612 studui
1753 2545 1863 2614 inter·

361 2657 507 2756 pratari.
555 2647 685 2727 Verum
721 2673 827 2746 quum
860 2655 959 2746 operi
993 2652 1250 2755 lithographico
1284 2652 1426 2722 termini
1461 2654 1584 2724 statuti
1611 2664 1728 2726 essent
1755 2658 1863 2730 nimis

362 2769 524 2863 angusti,
550 2767 663 2839 eidem
689 2767 810 2861 aliqua
834 2768 946 2839 solum
972 2767 1209 2862 exemplorum
1233 2768 1389 2837 inserere
1411 2767 1512 2862 potui
1522 2815 1537 2856 ,
1571 2767 1697 2864 quibus
1721 2774 1863 2866 regulae

363 2881 594 2955 illustrantur.
642 2875 758 2952 Locos
781 2888 900 2951 tamen
913 2931 925 2968 ,
954 2883 1048 2952 unde
1074 2883 1196 2954 eadem
1219 2881 1385 2969 desumai,
1411 2902 1527 2975 paene
1553 2885 1727 2977 quoslibet
1751 2893 1864 2965 nomi-

363 3001 466 3087 navi,
499 3006 539 3070 ut
565 3017 624 3070 eos
651 2993 858 3066 conferendi
889 3018 930 3066 ac
952 2994 1127 3088 probandi
1159 2997 1262 3094 copia
1286 2994 1488 3067 baberetur.
1538 2991 1637 3070 Inter
1658 3024 1700 3072 ea
1724 3015 1861 3100 autem,

364 3107 459 3206 quae*
479 3131 524 3183 ex
551 3104 834 3180 Chrestomathia
858 3117 962 3198 sunt,
996 3111 1092 3180 varia
1123 3107 1256 3179 ibidem
1279 3110 1415 3199 analysi
1440 3113 1602 3206 ampliori
1626 3128 1882 3212 exponuntur,

305 3301 307 3308 ,
362 3265 410 3284 ·-
435 3221 540 3326 Quae
565 3226 608 3296 ad
633 3220 741 3294 finem
765 3226 984 3319 propositum
1007 3223 1069 3294 hic
1095 3219 1300 3312 sufficiunt,
1337 3225 1486 3294 consilio
1511 3227 1619 3320 selegi
1644 3251 1687 3301 ex
1711 3233 1865 3308 diverso·
1908 3259 1912 3268 ·

362 3363 438 3414 rum
462 3349 658 3434 temporum
682 3339 907 3430 auctoribus,
941 3359 1046 3437 quum
1071 3359 1144 3409 non
1170 3341 1297 3410 aetatis
1320 3347 1458 3412 tantum
1482 3343 1554 3414 sive
1579 3348 1732 3418 auctoris
1756 3345 1863 3418 anias

362 3456 623 3552 grammaticam
647 3454 751 3526 edere
775 3454 910 3533 vellem.
960 3447 1022 3525 De
1045 3453 1226 3550 operibus,
1251 3476 1340 3550 quae
1363 3450 1576 3544 Daiablrago
1599 3466 1637 3532 et
1658 3455 1864 3531 Mitalrslra.

359 3587 402 3638 ra
426 3569 614 3664 inscripta,
639 3561 821 3639 Calcuttae
849 3571 945 3641 edita
965 3567 1061 3658 ¹sunt,
1089 3569 1379 3664 quemadmodum
1400 3571 1444 3641 de
1470 3572 1617 3666 reliquis
1640 3573 1728 3647 alibi
1751 3600 1862 3673 agam.

463 3699 570 3805 Quod
596 3699 754 3769 elementa
775 3697 941 3812 spectat,
967 3703 1131 3803 inprimis
1154 3694 1418 3798 Calligraphiae
1443 3703 1737 3802 daevanagaricae
1761 3737 1862 3809 regu·
1916 3791 1918 3796 ,

361 3823 431 3891 lam
462 3818 660 3911 simplicem
692 3839 734 3888 ac
771 3818 969 3910 generalem
1001 3817 1153 3912 primum
1183 3819 1304 3909 paucis
1321 3820 1481 3912 guidem
1502 3845 1538 3916 p.
1567 3831 1602 3900 2.
1629 3833 1784 3898 attamen
1810 3831 1863 3904 di.
1996 3911 2002 3929 Ι
2044 3819 2048 3826 “

362 3935 491 4006 stincte
514 3931 582 4001 hoc
606 3933 646 4002 in
669 3933 754 4008 loco,
772 3933 927 4003 indicavi
944 3928 996 4016 a).
1050 3925 1133 4032 Quo
1156 3933 1302 4005 consilio
1330 3933 1436 4004 etiam
1460 3936 1718 4032 adjungendam
1745 3951 1862 4020 curavi
1935 3994 1939 4003 ·

326 4137 335 4150 „
361 4045 518 4121 tabulam
540 4039 569 4117 l.
596 4067 640 4116 ex
665 4065 770 4138 opere
793 4045 839 4115 cl.
863 4039 1068 4136 Willrinsil,
1095 4048 1154 4118 cui
1178 4044 1272 4118 hanc
1287 4070 1370 4120 vcum
1395 4070 1436 4119 ea
1460 4051 1665 4148 orthoepiae
1690 4062 1861 4132 vocalium

361 4159 490 4235 et'illis
518 4165 773 4233 consonantum
795 4165 1063 4253 compositarum
1086 4173 1267 4256 acceptam
1292 4159 1423 4235 referre
1449 4164 1570 4238 debeo.
1620 4163 1662 4241 In
1686 4171 1741 4244 his
1760 4177 1863 4270 quip·
1958 4233 1961 4240 .

324 4299 341 4326 ·
360 4297 423 4372 pe,
450 4297 540 4372 quae
567 4273 690 4346 melius
717 4260 818 4344 'reddi
843 4283 1002 4369 possent,
1027 4296 1143 4370 paene
1169 4269 1265 4350 nibil
1287 4279 1420 4353 inveni.

348 4429 354 4443 ·
431 4404 468 4474 a)
487 4401 600 4469 injusta
617 4399 673 4457 illa
692 4409 853 4478 urgeretur,
872 4398 923 4459 ubl
940 4397 1045 4456 literae
1062 4400 1134 4458 illae
1152 4403 1203 4460 rel
1224 4405 1260 4460 ab
1279 4405 1345 4481 ipso
1363 4417 1479 4475 auctora
1496 4405 1548 4468 vel
1566 4426 1583 4466 ι
1601 4409 1791 4492 lithograpbo
1810 4435 1861 4492 pro

500 4488 651 4549 volumine
668 4486 774 4555 majori
796 4487 827 4544 ln
844 4484 951 4546 multia
974 4485 1121 4561 lapidibus
1143 4490 1236 4548 libere
1261 4503 1330 4550 eunt
1352 4493 1536 4564 curandae,
1565 4515 1619 4555 nec
1643 4501 1740 4560 simila
1766 4504 1862 4562 solnm

500 4575 726 4652 exprimendum
748 4574 872 4632 alterius
889 4571 1069 4653 exemplum,
1104 4579 1204 4634 Facile
1223 4597 1292 4638 varo
1310 4580 1361 4640 illi
1379 4579 1477 4650 iactu,
1505 4587 1556 4664 qui
1578 4567 1718 4648 caehtori
1744 4591 1861 4648 easdem

501 4661 674 4721 delineandi
691 4679 797 4721 munuc
826 4661 972 4738 suscepit,
997 4661 1074 4741 quod
1096 4683 1148 4742 pro
1165 4680 1237 4744 typo
1254 4685 1368 4750 quoque
1387 4670 1478 4728 semel
1497 4691 1556 4731 una
1573 4694 1625 4752 pro
1645 4679 1779 4736 omnibus
1798 4697 1863 4734 con·

503 4749 612 4814 licitur.
645 4751 724 4808 steri
740 4751 841 4809 trram
859 4761 973 4828 potest,
992 4761 1026 4808 ut
1043 4753 1121 4833 quod
1139 4772 1178 4813 ex
1197 4770 1258 4818 arta
1277 4757 1432 4818 metatoris
1448 4770 1477 4818 et
1497 4763 1675 4844 typographi
1694 4766 1864 4835 adridem

482 4903 485 4912 ,
504 4839 627 4902 resima
646 4855 735 4920 qaam
750 4838 925 4922 longissime
943 4839 1032 4910 metr.
