4624 5736
461 717 527 794 illl

460 1031 553 1102 tibus
577 1029 701 1102 iisdem
726 1030 979 1129 comprehensa
1006 1039 1041 1103 et
1065 1032 1255 1126 explicata,
1281 1031 1402 1106 eodem
1426 1031 1570 1121 exinde,
1597 1025 1766 1127 quantum
1790 1029 1870 1106 lieri
1894 1057 1957 1132 po·

461 1149 545 1235 tuit,
572 1167 724 1242 congrue
748 1149 791 1219 sd
819 1149 1003 1220 scientiam
1028 1153 1221 1221 universam
1247 1143 1386 1219 inten'di
1412 1169 1621 1243 proponere.
1671 1143 1754 1248 Quo
1779 1147 1956 1242 allicitur,

460 1270 497 1330 ut
522 1263 663 1354 lingua,
688 1259 856 1356 tanquam
879 1272 986 1358 typus
1011 1271 1156 1335 naturae
1182 1250 1222 1334 et
1242 1266 1409 1361 spiritus,
1434 1285 1501 1357 quo
1525 1266 1601 1360 ipse
1624 1263 1685 1335 hic
1712 1267 1751 1336 in
1773 1256 1957 1339 Sanskrito

461 1375 670 1464 exhibeatur
695 1374 910 1472 perfectior,
935 1374 1137 1453 distinctius
1164 1382 1402 1475 exprimatur,
1426 1400 1468 1449 ac
1491 1380 1529 1449 in
1553 1381 1739 1450 momentis
1761 1375 1960 1474 grammatiss

462 1513 519 1562 ces
545 1479 741 1572 sanslrritae
775 1493 1035 1589 philosophicis
1071 1497 1178 1568 etiam
1213 1497 1364 1568 certiora
1397 1475 1587 1564 reddantur
1604 1485 1798 1568 'universae
1830 1493 1987 1571 funda·¹¹

463 1613 643 1683 mentaet
671 1610 895 1680 constructio.
947 1602 1045 1680 Haec
1070 1611 1212 1704 quidem
1238 1613 1276 1680 in
1303 1629 1407 1702 opere
1431 1605 1571 1695 integro
1588 1606 1713 1680 melius
1736 1613 1960 1707 perspiciun-

317 1739 323 1745 ·
462 1730 541 1810 tur,
579 1730 615 1791 at
646 1726 1044 1820 momentapraecipua
1082 1723 1309 1822 sequentibus
1342 1725 1561 1818 potissimum
1592 1727 1677 1796 locis
1708 1727 1958 1814 continentur,

464 1837 541 1905 scil.
579 1831 636 1920 99.
656 1835 730 1912 26.
756 1840 816 1913 52.
840 1839 900 1912 33.
926 1859 963 1933 p.
989 1846 1047 1916 20.
1073 1836 1114 1924 ³³)
1139 1841 1282 1923 3239.
1307 1833 1460 1920 40:41.
1495 1859 1569 1936 seq.
1605 1849 1653 1912 et'
1673 1851 1748 1914 toto
1784 1839 1859 1912 lare
1892 1842 1961 1912 hoc
2018 1837 2020 1842 ’

465 1946 616 2044 Capite,
650 1947 881 2048 porrocap.
909 1947 984 2027 Vll.
1016 1976 1096 2049 pag.
1132 1955 1190 2030 80.
1216 1952 1274 2040 lt·
1300 1957 1360 2037 97.
1393 1992 1441 2010 -
1472 1955 1554 2029 103.
1584 1955 1665 2040 170.
1693 1951 1779 2036 204.
1803 1961 1888 2034 205.
1913 1993 1986 2016 -·

407 2095 409 2102 ’
452 2067 546 2142 208.
572 2069 656 2144 218.
680 2071 764 2149 229.
786 2070 825 2140 'et
850 2055 902 2140 al.¹
945 2063 1003 2142 Er
1027 2071 1082 2142 his
1108 2051 1353 2166 jam‘quodam
1378 2061 1478 2143 niodo
1504 2077 1616 2165 patet,
1641 2091 1743 2167 quam
1765 2073 1835 2145 vim
1858 2063 1963 2143 Sans·

463 2183 595 2265 irritum
620 2186 660 2254 in
683 2183 803 2278 lingua
827 2182 958 2282 halre'at
980 2188 1153 2260 universa.

563 2293 759 2395 Speciatim
790 2321 871 2373 vero
904 2304 1073 2373 orationis
1090 2283 1216 2390 ¹portes
1242 2310 1278 2372 et
1304 2296 1440 2388 fmmcs
1470 2286 1653 2397 primarias
1688 2299 1963 2400 earumque'ue·
2098 2385 2106 2396 ,

465 2406 547 2486 xim
573 2439 592 2486 e
616 2417 802 2509 principiis
824 2416 954 2486 deduxi
976 2416 1398 2509 indico-philosophicis.
1446 2409 1501 2488 Ac
1525 2419 1705 2511 quidemr·
1988 2396 1995 2426 ⁹

566 2523 624 2600 Ex
650 2531 896 2602 enuntiatione
923 2531 1076 2626 simplici
1103 2527 1279 2619 (judicio)
1306 2532 1460 2604 derivari
1482 2547 1620 2598 ceruam
1643 2519 1825 2628 numerum
1849 2542 1885 2605 et
1910 2557 1966 2606 ra·

467 2647 584 2714 tiones
604 2665 725 2716 eorum
750 2645 966 2736 adinvicem3
987 2667 1092 2741 porro
1117 2647 1400 2745 praepositiones
1424 2667 1510 2733 una,
1537 2647 1808 2730 conjunctiones
1832 2657 1867 2720 et
1889 2658 1965 2724 rer·

466 2757 506 2829 bi
531 2759 682 2848 modos,
704 2773 793 2852 quae
812 2763 933 2830 'omnia
956 2783 1063 2856 quum
1089 2763 1132 2834 ad
1158 2768 1309 2833 casuum*
1327 2761 1482 2832 rationes
1506 2762 1726 2851 reduxerim,
1762 2762 1834 2834 has'
1849 2751 1966 2838 valere

467 2894 533 2966 per
559 2876 750 2966 orationem
774 2877 968 2968 integram,
1004 2878 1184 2970 ipsamque
1214 2873 1461 2948 vocabulorum
1490 2880 1680 2951 monstravi
1708 2881 1967 2975 etymologiam.

468 2984 511 3060 ln
536 2990 681 3062 dirersis
705 2988 788 3060 hinc
813 2993 981 3062 orationis
1004 2991 1163 3088 partibus
1185 3012 1344 3086 magnam
1367 2989 1461 3062 haud
1484 3013 1562 3061 raro
1585 2989 1773 3065 formarum
1792 3016 1867 3067 esse
1882 3011 1967 3061 ano·

468 3102 609 3190 logiam,
631 3107 770 3192 monui;
796 3105 872 3199 ipse
898 3108 1076 3200 analogias
1100 3109 1211 3179 varius
1229 3107 1415 3196 conjunxi,
1439 3111 1543 3200 atque
1564 3103 1740 3196 Syatoxr‘n
1762 3112 1868 3180 etiam
1890 3107 1966 3181 fere

468 3229 578 3292 totam
604 3241 648 3291 ex
672 3221 788 3313 legum
811 3222 1027 3317 generalium
1061 3229 1248 3328 systemate
1280 3221 1485 3308 construxi,
1519 3233 1590 3348 quo
1616 3223 1756 3315 singula
1786 3224 1901 3317 magis
1921 3243 1965 3296 ex

472 3338 549 3430 ipso
572 3335 681 3403 totius
702 3355 796 3405 nexu
819 3343 854 3405 et
878 3336 1002 3406 ordine
1018 3324 1291 3407 illustrarentur.
1342 3329 1429 3403 lnde
1446 3357 1519 3404 non
1544 3333 1659 3404 minus
1684 3343 1796 3429 patet,
1822 3361 1966 3433 quomo-

472 3451 516 3519 do
539 3445 673 3518 lactum
701 3449 772 3536 sit,
813 3455 853 3517 ut
882 3450 1031 3520 oratio
1020 3471 1059 3518 tn
1091 3469 1223 3519 summa
1255 3450 1311 3520 sui
1343 3449 1469 3544 parte,
1509 3445 1686 3523 vocabulis
1716 3441 1965 3580 multipliciter
2085 3545 2090 3553 ‚

472 3563 688 3658 compositio,
712 3563 889 3633 redierit'
878 3585 917 3634 m
940 3557 1107 3634 infimam.

567 3671 643 3752 Nec
668 3677 713 3748 ad
737 3673 889 3747 fletuum
913 3679 1051 3772 regulas
1076 3679 1301 3772 explicandas
1326 3679 1457 3764 solum,
1488 3679 1548 3749 sed
1577 3677 1655 3750 ad
1645 3665 1756 3773 ipsam
1779 3681 1887 3768 hujus
1912 3686 1964 3755 rei

456 3781 632 3873 'naturam
658 3791 903 3868 illustrandam
935 3803 1034 3863 casus
1064 3793 1211 3866 distinxi
1237 3791 1437 3880 primitivos
1467 3790 1722 3863 asscendens
1754 3793 1813 3884 99,
1837 3795 1892 3881 44
1915 3837 1964 3854 .-

470 3919 528 3992 50.
555 3922 591 3984 et
616 3912 662 3982 al.

567 4023 759 4111 Rationem
782 4023 915 4097 lormae
948 4025 1128 4096 nominum
1162 4025 1259 4096 rudis
1285 4034 1322 4098 et
1346 4027 1553 4103 nominativi
1575 4029 1617 4099 in
1641 4015 1826 4120 systemate
1852 4047 1965 4119 gram·
1993 4037 1994 4041 ’

469 4147 597 4219 matico
609 4194 622 4233 ,
663 4144 811 4236 genitivi
844 4143 953 4216 etiam
983 4147 1144 4214 naturam
1179 4151 1214 4212 et
1245 4137 1540 4236 significationem
1570 4142 1755 4239 explicari.
1815 4135 1873 4212 Cf.
1903 4141 1962 4229 99.

391 4300 397 4310 ·
465 4265 547 4342 218.
575 4267 633 4340 52.
656 4260 740 4338 229
846 4303 850 4311 ·

562 4371 858 4448 Declinationum
884 4367 1049 4447 formas
1038 4394 1078 4443 rn
1105 4372 1263 4443 ordinem
1292 4375 1541 4467 simpliciorem
1571 4379 1607 4445 et
1631 4373 1675 4444 ad
1700 4373 1821 4465 leges
1817 4379 1963 4470 paucio·
2016 4455 2017 4460 ,

469 4517 523 4566 res
549 4493 684 4584 redegi,
708 4510 799 4584 quae
823 4487 945 4563 tabula
968 4483 1033 4560 lX
1060 4487 1284 4560 exhihentur.
1334 4481 1392 4559 Cf.
1422 4511 1458 4584 p.
1489 4485 1547 4568 69.

570 4601 671 4674 Verbi
697 4624 847 4696 genera,
878 4626 978 4680 voces
1004 4613 1040 4676 et
1063 4603 1189 4676 lormas
1214 4627 1257 4677 ex
1281 4604 1470 4697 principiis
1495 4602 1649 4674 derivavi
1673 4595 1732 4688 99.
1758 4603 1806 4684 98
1829 4615 1865 4680 et
1889 4630 1964 4714 seq
2044 4655 2047 4668 .

470 4721 541 4796 Ubi
564 4719 715 4796 distinxi
739 4721 855 4790 modos
879 4729 915 4792 et
942 4729 1099 4815 tempora
1123 4725 1258 4792 ratione
1283 4715 1485 4804 formarum,
1510 4713 1669 4810 quibus'
1659 4739 1698 4788 rn
1722 4713 1815 4791 flexu
1841 4722 1966 4796 discri-

472 4843 675 4927 minantur,
709 4835 801 4931 quod
834 4836 971 4931 quidem
996 4835 1039 4908 ab
1058 4835 1148 4910 aliis
1182 4838 1320 4931 quoque
1349 4829 1495 4906 lactum
1511 4841 1587 4924 est,
1617 4832 1725 4918 hujus
1753 4835 1966 4912 discriminis
